<record><leader>03332cam a2200433 i 4500</leader><controlfield tag="001">6805001</controlfield><controlfield tag="003">OCoLC</controlfield><controlfield tag="005">20150326161606.0</controlfield><controlfield tag="008">140626s2015    enka     b    001 0 eng  </controlfield><datafield ind1=" " ind2=" " tag="010"><subfield code="a">  2014024328</subfield></datafield><datafield ind1=" " ind2=" " tag="020"><subfield code="a">9781783264179</subfield><subfield code="q">hardcover : alk. paper</subfield></datafield><datafield ind1=" " ind2=" " tag="020"><subfield code="a">1783264179</subfield><subfield code="q">hardcover : alk. paper</subfield></datafield><datafield ind1=" " ind2=" " tag="035"><subfield code="a">ocn866103270</subfield></datafield><datafield ind1=" " ind2=" " tag="039"><subfield code="a">exclude</subfield></datafield><datafield ind1=" " ind2=" " tag="040"><subfield code="a">DLC</subfield><subfield code="b">eng</subfield><subfield code="e">rda</subfield><subfield code="c">DLC</subfield><subfield code="d">YDXCP</subfield><subfield code="d">BTCTA</subfield><subfield code="d">OCLCF</subfield><subfield code="d">IAD</subfield><subfield code="d">OCLCO</subfield><subfield code="d">OCLCQ</subfield><subfield code="d">SOI</subfield><subfield code="d">CDX</subfield><subfield code="d">OCL</subfield><subfield code="d">AEU</subfield></datafield><datafield ind1=" " ind2=" " tag="042"><subfield code="a">pcc</subfield></datafield><datafield ind1="0" ind2="0" tag="050"><subfield code="a">TA347.A78</subfield><subfield code="b">C66 2015</subfield></datafield><datafield ind1="0" ind2="0" tag="082"><subfield code="a">004.01</subfield><subfield code="2">23</subfield></datafield><datafield ind1=" " ind2=" " tag="090"><subfield code="a">TA347 .A78 C66 2015</subfield><subfield code="b">AEGMCT</subfield></datafield><datafield ind1="0" ind2="4" tag="245"><subfield code="a">The computer after me :</subfield><subfield code="b">awareness and self-awareness in autonomic systems /</subfield><subfield code="c">editor, Jeremy Pitt, Imperial College London, UK.</subfield></datafield><datafield ind1=" " ind2="1" tag="264"><subfield code="a">Covent Garden, London ;</subfield><subfield code="a">Hackensack, NJ :</subfield><subfield code="b">Imperial College Press,</subfield><subfield code="c">[2015]</subfield></datafield><datafield ind1=" " ind2=" " tag="300"><subfield code="a">xvi, 313 pages :</subfield><subfield code="b">illustrations (chiefly color) ;</subfield><subfield code="c">24 cm</subfield></datafield><datafield ind1=" " ind2=" " tag="336"><subfield code="a">text</subfield><subfield code="b">txt</subfield><subfield code="2">rdacontent</subfield></datafield><datafield ind1=" " ind2=" " tag="337"><subfield code="a">unmediated</subfield><subfield code="b">n</subfield><subfield code="2">rdamedia</subfield></datafield><datafield ind1=" " ind2=" " tag="338"><subfield code="a">volume</subfield><subfield code="b">nc</subfield><subfield code="2">rdacarrier</subfield></datafield><datafield ind1=" " ind2=" " tag="504"><subfield code="a">Includes bibliographical references (pages 281-308) and index.</subfield></datafield><datafield ind1="0" ind2=" " tag="505"><subfield code="a">Introduction: The computer after me / Jeremy Pitt -- Towards self-aware and self-composing services / Giocomo Cabri and Franco Zambonelli -- Issues in engineering self-aware and self-expressive ensembles / Matthias H&#246;lzl and Martin Wirsing -- Social awareness in technical systems / Christian M&#252;ller-Schloer, Mathias Pacher, Yvonne Bernard and Lukas Klejnowski -- Self-healing software / Regina Frei and Giovanna Di Marzo Serugendo -- Bring it on, complexity! Present and future of self-organising middle-out abstraction / Sebastian von Mammen and Jan-Philipp Stegh&#246;fer -- Self-steering and aware homes / Marco Aiello, Roberto Baldoni, Alexander Lazovik and Massimo Mecella -- Assistive awareness in smart grids / Aikaterini Bourazeri, Pablo Almajano, Inmaculada Rodriguez and Maite Lopez-Sanchez -- Norm-aware socio-technical systems / Bastin Tony Roy Savarimuthu and Aditya Ghose -- Interactive design activism / Petar Goulev and Joan Farrer -- The social computer / Giovanna Di Marzo Serugendo, Matteo Risoldi and Mohammad Solemayni -- Collective awareness and the new institution science / Jeremy Pitt and Andrzej Nowak -- Be vigilant: there are limits to veillance / Katina Michael, M. G. Michael and Christine Perakslis -- Robotic self-modeling / Justin W. Hart and Brian Scassellati -- Reflective systems are a good step towards aware systems / Kirstie L. Bellman -- Robots with internal models: a route to self-aware and hence safer robots / Alan F. T. Winfield -- Awareness and responsibility in autonomous weapons systems / Nehal Bhuta, Antonino Rotolo and Giovanni Sartor -- Computational self-awareness and learning machines / Peter R. Lewis.</subfield></datafield><datafield ind1=" " ind2=" " tag="596"><subfield code="a">29</subfield></datafield><datafield ind1=" " ind2="0" tag="650"><subfield code="a">Artificial intelligence.</subfield></datafield><datafield ind1=" " ind2="0" tag="650"><subfield code="a">Self-organizing systems.</subfield></datafield><datafield ind1=" " ind2="0" tag="650"><subfield code="a">Autonomous robots.</subfield></datafield><datafield ind1=" " ind2="0" tag="650"><subfield code="a">Computational intelligence.</subfield></datafield><datafield ind1=" " ind2="0" tag="650"><subfield code="a">Emotions and cognition.</subfield></datafield><datafield ind1=" " ind2="0" tag="650"><subfield code="a">Human-computer interaction.</subfield></datafield><datafield ind1="1" ind2=" " tag="700"><subfield code="a">Pitt, Jeremy,</subfield><subfield code="e">editor.</subfield></datafield><datafield ind1=" " ind2=" " tag="949"><subfield code="a">TA347 .A78 C66 2015</subfield><subfield code="h">GMCT-OS-B</subfield><subfield code="i">1007408634</subfield><subfield code="p">133.59</subfield><subfield code="k">AVAIL_SOON</subfield></datafield><datafield ind1=" " ind2=" " tag="019"><subfield code="a">892702829</subfield><subfield code="a">897439278</subfield></datafield><datafield ind1="1" ind2=" " tag="029"><subfield code="a">AU@</subfield><subfield code="b">000053608028</subfield></datafield><datafield ind1=" " ind2=" " tag="926"><subfield code="a">TA347 .A78 C66 2015</subfield><subfield code="w">LC</subfield><subfield code="c">1</subfield><subfield code="i">1007408634</subfield><subfield code="d">3/18/2017</subfield><subfield code="e">3/18/2017</subfield><subfield code="k">CHECKEDOUT</subfield><subfield code="l">ON_SHELF</subfield><subfield code="m">GR_MACEWAN</subfield><subfield code="n">1</subfield><subfield code="p">$133.59</subfield><subfield code="r">M</subfield><subfield code="s">Y</subfield><subfield code="t">BOOK</subfield><subfield code="u">3/31/2015</subfield></datafield></record>